@book{Sebesta:2012:CPL:2361901,
 author = {Sebesta, Robert W.},
 title = {Concepts of Programming Languages},
 year = {2012},
 isbn = {0273769103, 9780273769101},
 edition = {10th},
 publisher = {Pearson},
}

@misc{wikipedia,
 author = {Wikipedia: MetaLenguaje},   
 title = {http://http://es.wikipedia.org/wiki/Meta_Lenguaje},
}
